@Book{knuth:84,
  author = 	 {Donald E. Knuth},
  title = 	 {The {\TeX} Book},
  publisher = 	 {Addison-Wesley},
  year = 	 {1984},
  edition = 	 {15th}
}

@InCollection{boulic:91,
  author = 	 {R. Boulic and O. Renault},
  title = 	 {3D Hierarchies for Animation},
  booktitle = 	 {New Trends in Animation and Visualization},
  publisher =    {John Wiley {\&} Sons ltd.},
  year = 	 {1991},
  editor = 	 {Nadia Magnenat-Thalmann and Daniel Thalmann}
}

@InCollection{smith:99,
  author = 	 {A. Smith and B. Jones},
  title = 	 {On the Complexity of Computing},
  booktitle = 	 {Advances in Computer Science},
  pages = 	 {555--566},
  publisher =    {Publishing Press},
  year = 	 {1999},
  editor = 	 {A. B. Smith-Jones}
}

@article{Furtado2021,
archivePrefix = {arXiv},
arxivId = {2012.03716},
author = {Furtado, Leonardo B. and Cartaxo, Bruno and Treude, Christoph and Pinto, Gustavo},
doi = {10.1109/MS.2020.3044020},
eprint = {2012.03716},
issn = {19374194},
journal = {IEEE Software},
keywords = {Human development index,Open source projects,Pull requests},
number = {2},
pages = {58--63},
title = {{How successful are open source contributions from countries with different levels of human development?}},
volume = {38},
year = {2021}
}

@INPROCEEDINGS{Brito2020,
  author={Brito, Gleison and Valente, Marco Tulio},
  booktitle={2020 IEEE International Conference on Software Architecture (ICSA)}, 
  title={REST vs GraphQL: A Controlled Experiment}, 
  year={2020},
  volume={},
  number={},
  pages={81-91},
  doi={10.1109/ICSA47634.2020.00016}
  }

@INPROCEEDINGS{Viggiato2019,
  author={Viggiato, Markos and Oliveira, Johnatan and Figueiredo, Eduardo and Jamshidi, Pooyan and KÃ¤stner, Christian},
  booktitle={2019 ACM/IEEE 14th International Conference on Global Software Engineering (ICGSE)}, 
  title={Understanding Similarities and Differences in Software Development Practices Across Domains}, 
  year={2019},
  volume={},
  number={},
  pages={84-94},
  doi={10.1109/ICGSE.2019.00013}}

@article{Rastogi2018,
author = {Rastogi, Ayushi and Nagappan, Nachiappan and Gousios, Georgios and {Van Der Hoek}, Andr{\'{e}}},
doi = {10.1145/3239235.3240504},
isbn = {9781450358231},
issn = {19493789},
journal = {International Symposium on Empirical Software Engineering and Measurement},
keywords = {Geographical location,Github,Open source,Pull requests},
title = {{Relationship between geographical location and evaluation of developer contributions in github}},
year = {2018}
}

@article{Robinson2017,
author = {Robinson, David},
journal = {Stackoverflow},
title = {{A Tale of Two Industries: How Programming Languages Differ Between Wealthy and Developing Countries}},
url = {https://stackoverflow.blog/2017/08/29/tale-two-industries-programming-languages-differ-wealthy-developing-countries/},
year = {2017}
}

@book{Arora2005,
author = {Arora, Ashish and Gambardella, Alfonso},
booktitle = {Innovation Policy and the Economy},
doi = {10.1086/ipe.5.25056169},
publisher = {NBER: National Bureau of Economic Research},
issn = {1531-3468},
pages = {1--32},
title = {{The Globalization of the Software Industry: Perspectives and Opportunities for Developed and Developing Countries}},
volume = {5},
year = {2005}
}
	